<?xml version="1.0" encoding="UTF-8"?><record xmlns="http://www.loc.gov/MARC21/slim" xmlns:cinclude="http://apache.org/cocoon/include/1.0" xmlns:zs="http://www.loc.gov/zing/srw/">
  <leader>00450cz  a2200157n  4500</leader>
  <controlfield tag="001">n  88154874 </controlfield>
  <controlfield tag="003">DLC</controlfield>
  <controlfield tag="005">19910618091832.9</controlfield>
  <controlfield tag="008">890628n| acannaab|          |a aaa |||  </controlfield>
  <datafield tag="010" ind1=" " ind2=" ">
    <subfield code="a">n  88154874 </subfield>
  </datafield>
  <datafield tag="040" ind1=" " ind2=" ">
    <subfield code="a">DLC</subfield>
    <subfield code="c">DLC</subfield>
    <subfield code="d">DLC</subfield>
  </datafield>
  <datafield tag="100" ind1="1" ind2="0">
    <subfield code="a">Dobson, Danae.</subfield>
    <subfield code="t">Woof</subfield>
  </datafield>
  <datafield tag="400" ind1="1" ind2="0">
    <subfield code="a">Dobson, Danae.</subfield>
    <subfield code="t">Woof finds a family</subfield>
  </datafield>
  <datafield tag="400" ind1="1" ind2="0">
    <subfield code="a">Dobson, Danae.</subfield>
    <subfield code="t">Woof's scary adventure</subfield>
  </datafield>
  <datafield tag="670" ind1=" " ind2=" ">
    <subfield code="a">Her Woof finds a family, c1989.</subfield>
  </datafield>
  <datafield tag="670" ind1=" " ind2=" ">
    <subfield code="a">Her Woof's scary adventure, 1991.</subfield>
  </datafield>
</record>